@Article{Allesina2012Stability,
  author = {Stefano Allesina and Si Tang},
  booktitle = {Nature},
  doi = {10.1038/nature10832},
  issn = {1476-4687},
  journal = {Nature},
  month = {2},
  number = {7388},
  pages = {205-208},
  publisher = {Nature Publishing Group},
  title = {Stability criteria for complex ecosystems.},
  url = {http://www.ncbi.nlm.nih.gov/pubmed/22343894},
  urldate = {2012-03-01},
  volume = {483},
  year = {2012}
}

@Article{Araujo2007Importance,
  author = {Miguel B. Ara{\a'u}jo and Miska Luoto},
  booktitle = {Glob. Ecol. Biogeogr.},
  doi = {10.1111/j.1466-8238.2007.00359.x},
  issn = {1466-822X},
  journal = {Glob. Ecol. Biogeogr.},
  keywords = {araújo,bioclimatic envelope models,climate change,clouded apollo butterfly,correspondence,cross-validation,europe,macroecology,miguel b,parnassius mnemosyne,sensitivity analysis,uncertainty},
  month = {11},
  number = {6},
  pages = {743-753},
  title = {The importance of biotic interactions for modelling species distributions under climate change},
  url = {http://doi.wiley.com/10.1111/j.1466-8238.2007.00359.x},
  urldate = {2012-03-09},
  volume = {16},
  year = {2007}
}

@Article{Araujo2014Geographic,
  author = {Miguel B. Ara{\a'u}jo and Alejandro Rozenfeld},
  booktitle = {Ecography},
  doi = {10.1111/j.1600-0587.2013.00643.x},
  issn = {16000587},
  journal = {Ecography},
  number = {5},
  pages = {406-415},
  title = {The geographic scaling of biotic interactions},
  volume = {37},
  year = {2014}
}


@Article{Baskerville2011Spatial,
  author = {Edward B Baskerville and Andy P Dobson and Trevor Bedford and Stefano Allesina and T Michael Anderson and Mercedes Pascual},
  booktitle = {PLoS computational biology},
  doi = {10.1371/journal.pcbi.1002321},
  issn = {1553-7358},
  journal = {PLoS Comput. Biol.},
  keywords = {Animals,Bayes Theorem,Ecosystem,Food Chain,Humans,Markov Chains,Models,Monte Carlo Method,Plants,Plants: metabolism,Probability,Software,Statistical,Tanzania,Theoretical},
  month = {12},
  number = {12},
  pages = {e1002321},
  title = {Spatial guilds in the Serengeti food web revealed by a Bayesian group model.},
  url = {http://www.pubmedcentral.nih.gov/articlerender.fcgi?artid=3248389&tool=pmcentrez&rendertype=abstract},
  urldate = {2014-12-26},
  volume = {7},
  year = {2011}
}

@Article{Black2012Stochastic,
  author = {Andrew J Black and Alan J McKane},
  booktitle = {Trends in ecology \& evolution},
  doi = {10.1016/j.tree.2012.01.014},
  issn = {0169-5347},
  journal = {Trends Ecol. Evol.},
  keywords = {Algorithms,Animals,Computer Simulation,Ecology,Epidemics,Humans,Models,Stochastic Processes,Theoretical},
  month = {6},
  number = {6},
  pages = {337-345},
  publisher = {Elsevier Ltd},
  title = {Stochastic formulation of ecological models and their applications.},
  url = {http://www.ncbi.nlm.nih.gov/pubmed/22406194},
  urldate = {2013-05-23},
  volume = {27},
  year = {2012}
}

@Article{Boulangeat2012Accounting,
  author = {Isabelle Boulangeat and Dominique Gravel and Wilfried Thuiller},
  booktitle = {Ecology letters},
  doi = {10.1111/j.1461-0248.2012.01772.x},
  issn = {1461-0248},
  journal = {Ecol. Lett.},
  keywords = {Biological,Ecosystem,France,Geography,Models,Plants,Seed Dispersal,Statistical},
  month = {6},
  number = {6},
  pages = {584-593},
  title = {Accounting for dispersal and biotic interactions to disentangle the drivers of species distributions and their abundances.},
  url = {http://www.ncbi.nlm.nih.gov/pubmed/22462813},
  urldate = {2014-03-24},
  volume = {15},
  year = {2012}
}

@Article{Brown2004Toward,
  author = {James H. Brown and James F. Gillooly and Andrew P. Allen and Van M. Savage and Geoffrey B. West},
  booktitle = {Ecology},
  doi = {10.1890/03-9000},
  issn = {0012-9658},
  journal = {Ecology},
  keywords = {allometry,biogeochemical cycles,body size,development,ecological interactions,ecological theory,metabolism,population growth,production,stoichiometry,temperature,trophic},
  month = {7},
  number = {7},
  pages = {1771-1789},
  title = {Toward a metabolic theory of ecology},
  url = {http://www.esajournals.org/doi/abs/10.1890/03-9000},
  urldate = {2013-08-20},
  volume = {85},
  year = {2004}
}

@Article{Cahill2013How,
  author = {Abigail E Cahill and Matthew E Aiello-Lammens and M Caitlin Fisher-Reid and Xia Hua and Caitlin J Karanewsky and Hae Yeong Ryu and Gena C Sbeglia and Fabrizio Spagnolo and John B Waldron and Omar Warsi and John J Wiens},
  booktitle = {Proc. R. Soc. B},
  doi = {10.1098/rspb.2012.1890},
  issn = {1471-2954},
  journal = {Proc. R. Soc. B},
  keywords = {Biological,Biota,Climate Change,Extinction,Geography,Hot Temperature},
  month = {1},
  number = {1750},
  pages = {20121890},
  title = {How does climate change cause extinction?},
  url = {http://www.ncbi.nlm.nih.gov/pubmed/23075836,http://www.pubmedcentral.nih.gov/articlerender.fcgi?artid=3574421&tool=pmcentrez&rendertype=abstract},
  urldate = {2014-07-11},
  volume = {280},
  year = {2013}
}

@Article{Calcagno2011Constraints,
  author = {Vincent Calcagno and Fran{\c c}ois Massol and Nicolas Mouquet and Philippe Jarne and Patrice David},
  booktitle = {Proc. R. Soc. B},
  doi = {10.1098/rspb.2011.0112},
  issn = {1471-2954},
  journal = {Proc. R. Soc. B},
  keywords = {Animals,Biological,Ecosystem,Extinction,Food Chain,Models,Population Dynamics},
  month = {10},
  number = {1721},
  pages = {3042-3049},
  title = {Constraints on food chain length arising from regional metacommunity dynamics.},
  url = {http://www.ncbi.nlm.nih.gov/pubmed/21367786},
  urldate = {2012-04-22},
  volume = {278},
  year = {2011}
}

@Book{Chase2003Ecological,
  address = {Chicago, IL},
  author = {Jonathan M. Chase and Mathew A. Leibold},
  isbn = {0226101800},
  pages = {212},
  publisher = {University of Chicago Press},
  title = {Ecological Niches: Linking Classical and Contemporary Approaches},
  url = {http://books.google.com/books?id=Ssmcl\_ubQUQC\&pgis=1},
  urldate = {01/03/13},
  year = {2003}
}

@Article{Cook2002Island,
  author = {William M. Cook and Kurt T Lane and Bryan L. Foster and Robert D. Holt},
  booktitle = {Ecology Letters},
  doi = {10.1046/j.1461-0248.2002.00366.x},
  issn = {1461-023X},
  journal = {Ecol. Lett.},
  month = {9},
  number = {5},
  pages = {619-623},
  title = {Island theory, matrix effects and species richness patterns in habitat fragments},
  url = {http://doi.wiley.com/10.1046/j.1461-0248.2002.00366.x},
  urldate = {2012-04-18},
  volume = {5},
  year = {2002}
}

@Article{Davis1998Making,
  author = {A J Davis and L S Jenkinson and J H Lawton and B Shorrocks and S Wood},
  booktitle = {Nature},
  doi = {10.1038/35842},
  issn = {0028-0836},
  journal = {Nature},
  keywords = {Animals,Drosophila,Drosophila melanogaster,Drosophila melanogaster: parasitology,Drosophila melanogaster: physiology,Drosophila: parasitology,Drosophila: physiology,Ecology,Female,Greenhouse Effect,Male,Population Dynamics,Temperature,Wasps,Wasps: physiology},
  month = {2},
  number = {6669},
  pages = {783-786},
  title = {Making mistakes when predicting shifts in species range in response to global warming.},
  url = {www.blight.com,http://www.ncbi.nlm.nih.gov/pubmed/280836,http://www.ncbi.nlm.nih.gov/pubmed/9486646},
  urldate = {2012-05-18},
  volume = {391},
  year = {1998}
}

@Article{Diamond1982Examination,
  author = {Jared M Diamond and Michael E Gilpin},
  booktitle = {Oecologia},
  doi = {10.1007/BF00349013},
  issn = {0029-8549},
  journal = {Oecologia},
  month = {1},
  number = {1},
  pages = {64-74},
  title = {Examination of the “null” model of connor and simberloff for species co-occurrences on Islands},
  url = {http://link.springer.com/10.1007/BF00349013},
  urldate = {2014-09-20},
  volume = {52},
  year = {1982}
}

@Article{Durance2010Evidence,
  author = {Isabelle Durance and S. J. Ormerod},
  booktitle = {Journal of the North American Benthological Society},
  doi = {10.1899/09-159.1},
  issn = {0887-3593},
  journal = {J. North Am. Benthological Soc.},
  keywords = {2005,almost all other ecosystems,climate change,extinction risk in freshwaters,freshwater,in,is now greater than,nao,planarians,revenga et al,streams,temperature,wales},
  month = {12},
  number = {4},
  pages = {1367-1378},
  title = {Evidence for the role of climate in the local extinction of a cool-water triclad},
  url = {http://www.bioone.org/doi/abs/10.1899/09-159.1},
  urldate = {2014-10-13},
  volume = {29},
  year = {2010}
}

@Article{Ekloef2013Dimensionality,
  author = {Anna Ekl{\"o}f and Ute Jacob and Jason Kopp and Jordi Bosch and Roc{\a'\i}o Castro-Urgal and Natacha P Chacoff and Bo Dalsgaard and Claudio {de Sassi} and Mauro Galetti and Paulo R Guimar{\~a}es and Silvia Beatriz Lom{\a'a}scolo and Ana M {Mart{\a'\i}n Gonz{\a'a}lez} and Marco Aurelio Pizo and Romina Rader and Anselm Rodrigo and Jason M Tylianakis and Diego P V{\a'a}zquez and Stefano Allesina},
  booktitle = {Ecology letters},
  doi = {10.1111/ele.12081},
  issn = {1461-0248},
  journal = {Ecol. Lett.},
  keywords = {Animals,Biological,Ecology,Ecosystem,Food Chain,Models,Multifactorial Inheritance,Symbiosis,Theoretical},
  month = {5},
  number = {5},
  pages = {577-583},
  title = {The dimensionality of ecological networks.},
  url = {http://www.ncbi.nlm.nih.gov/pubmed/23438174},
  urldate = {2014-07-09},
  volume = {16},
  year = {2013}
}

@Article{Gilman2010Framework,
  author = {Sarah E Gilman and Mark C Urban and Joshua Tewksbury and George W Gilchrist and Robert D Holt},
  booktitle = {Trends in ecology \& evolution},
  doi = {10.1016/j.tree.2010.03.002},
  issn = {0169-5347},
  journal = {Trends Ecol. Evol.},
  keywords = {Animal,Animals,Behavior,Biological,Climate Change,Demography,Ecosystem,Human Activities,Models},
  month = {6},
  number = {6},
  pages = {325-331},
  publisher = {Elsevier Ltd},
  title = {A framework for community interactions under climate change.},
  url = {http://www.ncbi.nlm.nih.gov/pubmed/20392517},
  urldate = {2012-03-12},
  volume = {25},
  year = {2010}
}

@Article{Godsoe2012How,
  author = {William Godsoe and Luke J. Harmon},
  booktitle = {Ecography},
  doi = {10.1111/j.1600-0587.2011.07103.x},
  issn = {09067590},
  journal = {Ecography},
  month = {9},
  number = {9},
  pages = {811-820},
  title = {How do species interactions affect species distribution models?},
  url = {http://doi.wiley.com/10.1111/j.1600-0587.2011.07103.x},
  urldate = {2012-07-13},
  volume = {35},
  year = {2012}
}

@Article{Gotelli2010Macroecological,
  author = {Nicholas J Gotelli and Gary R Graves and Carsten Rahbek},
  booktitle = {Proc. Natl Acad. Sci. USA},
  doi = {10.1073/pnas.0914089107},
  issn = {1091-6490},
  journal = {Proc. Natl Acad. Sci},
  keywords = {Animals,Birds,Birds: physiology,Breeding,Denmark,Ecosystem,Feeding Behavior,Geography,Species Specificity},
  month = {3},
  number = {11},
  pages = {5030-5035},
  title = {Macroecological signals of species interactions in the Danish avifauna.},
  url = {http://www.pubmedcentral.nih.gov/articlerender.fcgi?artid=2841898&tool=pmcentrez&rendertype=abstract},
  urldate = {2012-03-14},
  volume = {107},
  year = {2010}
}

@Article{Gravel2011Trophic,
  author = {Dominique Gravel and Fran{\c c}ois Massol and Elsa Canard and David Mouillot and Nicolas Mouquet},
  booktitle = {Ecology letters},
  doi = {10.1111/j.1461-0248.2011.01667.x},
  issn = {1461-0248},
  journal = {Ecol. Lett.},
  keywords = {Animals,Biodiversity,Biological,Computer Simulation,Diet,Food Chain,Geography,Models,Phylogeography},
  month = {10},
  number = {10},
  pages = {1010-1016},
  title = {Trophic theory of island biogeography.},
  url = {http://doi.wiley.com/10.1111/j.1461-0248.2011.01667.x,http://www.ncbi.nlm.nih.gov/pubmed/21806744},
  urldate = {2012-03-05},
  volume = {14},
  year = {2011}
}

@Article{Gravel2013Inferring,
  author = {Dominique Gravel and Timoth{\a'e}e Poisot and Camille Albouy and Laure Velez and David Mouillot},
  booktitle = {Methods in Ecology and Evolution},
  doi = {10.1111/2041-210X.12103},
  issn = {2041210X},
  journal = {Methods Ecol. Evol.},
  month = {11},
  number = {11},
  pages = {1083-1090},
  title = {Inferring food web structure from predator-prey body size relationships},
  url = {http://doi.wiley.com/10.1111/2041-210X.12103},
  urldate = {2014-05-28},
  volume = {4},
  year = {2013}
}

@Article{Guisan2013Predicting,
  author = {Antoine Guisan and Reid Tingley and John B Baumgartner and Ilona Naujokaitis-Lewis and Patricia R Sutcliffe and Ayesha I T Tulloch and Tracey J Regan and Lluis Brotons and Eve McDonald-Madden and Chrystal Mantyka-Pringle and Tara G Martin and Jonathan R Rhodes and Ramona Maggini and Samantha a Setterfield and Jane Elith and Mark W Schwartz and Brendan a Wintle and Olivier Broennimann and Mike Austin and Simon Ferrier and Michael R Kearney and Hugh P Possingham and Yvonne M Buckley},
  booktitle = {Ecology letters},
  doi = {10.1111/ele.12189},
  issn = {1461-0248},
  journal = {Ecol. Lett.},
  keywords = {2013,biological invasions,conservation planning,critical habitats,ecology letters,environmental suitability,reserve selection,species distribution model,structured decision making,translocation},
  month = {10},
  pages = {1424-1435},
  title = {Predicting species distributions for conservation decisions.},
  url = {http://www.ncbi.nlm.nih.gov/pubmed/24134332},
  urldate = {2014-07-09},
  volume = {16},
  year = {2013}
}

@Article{Holt2009Trophic,
  author = {Robert D Holt and Michael Barfield},
  booktitle = {Proc. R. Soc. B},
  doi = {10.1098/rspb.2008.1536},
  issn = {0962-8452},
  journal = {Proc. R. Soc. B},
  keywords = {Animals,Biological,Biological Evolution,Food Chain,Lupinus,Models,Moths,Population Dynamics,Predatory Behavior},
  month = {4},
  number = {1661},
  pages = {1435-1442},
  title = {Trophic interactions and range limits: the diverse roles of predation.},
  url = {http://www.pubmedcentral.nih.gov/articlerender.fcgi?artid=2677217&tool=pmcentrez&rendertype=abstract},
  urldate = {2012-03-01},
  volume = {276},
  year = {2009}
}

@Article{Jabot2012Bitrophic,
  author = {Franck Jabot and Jordi Bascompte},
  booktitle = {Proceedings of the National Academy of Sciences of the United States of America},
  doi = {10.1073/pnas.1107004109},
  issn = {1091-6490},
  journal = {Proc. Natl Acad. Sci. USA},
  keywords = {Algorithms,Animals,Bayes Theorem,Biodiversity,Biological,Biology,Biology: methods,Computer Simulation,Conservation of Natural Resources,Ecology,Ecosystem,Food Chain,Fungi,Fungi: metabolism,Herbivory,Insects,Models,Plants,Population Dynamics,Statistical},
  month = {3},
  number = {12},
  pages = {4521-4526},
  title = {Bitrophic interactions shape biodiversity in space.},
  url = {http://www.ncbi.nlm.nih.gov/pubmed/22393006,http://www.pubmedcentral.nih.gov/articlerender.fcgi?artid=3311373&tool=pmcentrez&rendertype=abstract},
  urldate = {2012-11-01},
  volume = {109},
  year = {2012}
}

@Article{Jeschke2008Usefulness,
  author = {Jonathan M Jeschke and David L Strayer},
  booktitle = {Annals of the New York Academy of Sciences},
  doi = {10.1196/annals.1439.002},
  issn = {0077-8923},
  journal = {Ann. N. Y. Acad. Sci.},
  month = {1},
  pages = {1-24},
  title = {Usefulness of bioclimatic models for studying climate change and invasive species.},
  url = {http://www.ncbi.nlm.nih.gov/pubmed/18566088},
  urldate = {2013-03-03},
  volume = {1134},
  year = {2008}
}

@Article{Kearney2004Mapping,
  author = {Michael Kearney and Warren P Porter},
  booktitle = {Ecology},
  doi = {10.1890/03-0820},
  issn = {0012-9658},
  journal = {Ecology},
  keywords = {australia,biophysical modeling,climate,distribution,fundamental niche,generalist,gis,global warming,heteronotia binoei,lizard,mechanistic,nocturnal ectotherm,physiology},
  month = {11},
  number = {11},
  pages = {3119-3131},
  title = {Mapping the fundamental niche : physiology, climate and the distribution of a nocturnal lizard},
  url = {http://www.esajournals.org/doi/abs/10.1890/03-0820},
  urldate = {2012-03-27},
  volume = {85},
  year = {2004}
}

@Article{Kearney2010Modelling,
  author = {Michael Kearney and Stephen J Simpson and David Raubenheimer and Brian Helmuth},
  booktitle = {Philosophical transactions of the Royal Society of London. Series B, Biological sciences},
  doi = {10.1098/rstb.2010.0034},
  issn = {1471-2970},
  journal = {Phil. Trans. R. Soc. B},
  keywords = {Animals,Biophysical Processes,Ecosystem,Energy Metabolism,Models, Biological,Nutritional Status},
  month = {11},
  number = {1557},
  pages = {3469-83},
  title = {Modelling the ecological niche from functional traits.},
  url = {http://www.pubmedcentral.nih.gov/articlerender.fcgi?artid=2981966&tool=pmcentrez&rendertype=abstract},
  urldate = {2013-08-09},
  volume = {365},
  year = {2010}
}

@Article{Kefi2012More,
  author = {Sonia K{\a'e}fi and Eric L Berlow and Evie a Wieters and Sergio a Navarrete and Owen L Petchey and Spencer a Wood and Alice Boit and Lucas N Joppa and Kevin D Lafferty and Richard J Williams and Neo D Martinez and Bruce A Menge and Carol A Blanchette and Alison C Iles and Ulrich Brose},
  booktitle = {Ecology letters},
  doi = {10.1111/j.1461-0248.2011.01732.x},
  issn = {1461-0248},
  journal = {Ecol. Lett.},
  keywords = {15,2012,291,300,ecological network,ecology letters,ecosystem engineering,facilitation,food web,interaction modification,interactions,non-trophic,trophic interactions},
  month = {2},
  pages = {291-300},
  title = {More than a meal… integrating non-feeding interactions into food webs.},
  url = {http://www.ncbi.nlm.nih.gov/pubmed/22313549},
  urldate = {2012-03-11},
  volume = {15},
  year = {2012}
}

@Book{Kemeny1960Finite,
  address = {Princeton, NJ},
  author = {J. G. Kemeny and J. L. Snell},
  isbn = {9780511613586},
  keywords = {Markov Chains},
  pages = {206},
  publisher = {Springer-Verlag},
  title = {Finite markov chains},
  url = {http://books.google.fr/books?id=0bTK5uWzbYwC},
  urldate = {02/06/12},
  volume = {40},
  year = {1960}
}

@Article{Kissling2012Towards,
  author = {W. D. Kissling and Carsten F. Dormann and J{\"u}rgen Groeneveld and Thomas Hickler and Ingolf K{\"u}hn and Greg J. McInerny and Jos{\a'e} M. Montoya and Christine R{\"o}mermann and Katja Schiffers and Frank M. Schurr and Alexander Singer and Jens-Christian Svenning and Niklaus E. Zimmermann and Robert B. O{\textquoteright}NAHar},
  booktitle = {Journal of Biogeography},
  doi = {10.1111/j.1365-2699.2011.02663.x},
  issn = {03050270},
  journal = {J. Biogeogr.},
  month = {12},
  number = {12},
  pages = {2163-2178},
  title = {Towards novel approaches to modelling biotic interactions in multispecies assemblages at large spatial extents},
  url = {http://doi.wiley.com/10.1111/j.1365-2699.2011.02663.x},
  urldate = {2014-07-11},
  volume = {39},
  year = {2012}
}

@Article{Lavergne2010Biodiversity,
  author = {S{\a'e}bastien Lavergne and Nicolas Mouquet and Wilfried Thuiller and Oph{\a'e}lie Ronce},
  booktitle = {Annual Review of Ecology, Evolution, and Systematics},
  doi = {10.1146/annurev-ecolsys-102209-144628},
  issn = {1543-592X},
  journal = {Annu. Rev. Ecol. Evol. Syst.},
  keywords = {adaptive potential,community assembly,conservatism,eco-evolutionary dynamics,interspeci c competition,macroevolution,microevolution,niche,species geographic ranges,trophic relationships},
  month = {12},
  number = {1},
  pages = {321-350},
  title = {Biodiversity and Climate Change: Integrating Evolutionary and Ecological Responses of Species and Communities},
  url = {http://www.annualreviews.org/doi/abs/10.1146/annurev-ecolsys-102209-144628},
  urldate = {2014-07-09},
  volume = {41},
  year = {2010}
}

@Article{Leibold2004Metacommunity,
  author = {M. A. Leibold and M. Holyoak and N. Mouquet and P. Amarasekare and J. M. Chase and M. F. Hoopes and R. D. Holt and J. B. Shurin and R. Law and D. Tilman and M. Loreau and a. Gonzalez},
  booktitle = {Ecology Letters},
  doi = {10.1111/j.1461-0248.2004.00608.x},
  issn = {1461023X},
  journal = {Ecol. Lett.},
  keywords = {2002,2004,601,613,7,ecology letters,however,mass effects,metacommunity,much of formal community,neutral model,patch dynamics,remarkably,species sorting},
  month = {6},
  number = {7},
  pages = {601-613},
  title = {The metacommunity concept: a framework for multi-scale community ecology},
  url = {http://doi.wiley.com/10.1111/j.1461-0248.2004.00608.x},
  urldate = {2012-03-09},
  volume = {7},
  year = {2004}
}

@Article{Levins1971Regional,
  author = {R. Levins and D. Culver},
  booktitle = {Proceedings of the National Academy of Sciences},
  doi = {10.1073/pnas.68.6.1246},
  issn = {0027-8424},
  journal = {Proc. Natl Acad. Sci. USA},
  month = {6},
  number = {6},
  pages = {1246-1248},
  title = {Regional Coexistence of Species and Competition between Rare Species},
  url = {papers://aa15ed4a-8b41-4036-84a6-41087bba0cd6/Paper/p811,http://www.pnas.org/cgi/doi/10.1073/pnas.68.6.1246},
  volume = {68},
  year = {1971}
}

@Book{Macarthur1967Theory,
  address = {Princeton, NJ},
  author = {R H MacArthur and E O Wilson},
  booktitle = {Conservation Biology},
  journal = {Conservation Biology},
  pages = {203},
  publisher = {Princeton University Press},
  series = {Princeton Landmarks in Biology},
  title = {Theory of Island Biogeography},
  volume = {1},
  year = {1967}
}

@Article{Massol2011Linking,
  author = {Fran{\c c}ois Massol and Dominique Gravel and Nicolas Mouquet and Marc W Cadotte and Tadashi Fukami and Mathew A Leibold},
  booktitle = {Ecology letters},
  doi = {10.1111/j.1461-0248.2011.01588.x},
  issn = {1461-0248},
  journal = {Ecol. Lett.},
  keywords = {Biological,Biota,Conservation of Natural Resources,Ecology,Ecosystem,Food Chain,Models},
  month = {3},
  number = {3},
  pages = {313-323},
  title = {Linking community and ecosystem dynamics through spatial ecology.},
  url = {http://www.ncbi.nlm.nih.gov/pubmed/21272182},
  urldate = {2012-03-11},
  volume = {14},
  year = {2011}
}

@Article{Mcgill2010Ecology,
  author = {Brian J McGill},
  booktitle = {Science},
  doi = {10.1126/science.1188528},
  issn = {1095-9203},
  journal = {Science},
  keywords = {Animals,Birds,Climate,Competitive Behavior,Demography,Denmark,Ecosystem,Population Density,Time Factors},
  month = {4},
  number = {5978},
  pages = {575-576},
  title = {Ecology. Matters of scale.},
  url = {http://www.ncbi.nlm.nih.gov/pubmed/20431001},
  urldate = {2014-03-19},
  volume = {328},
  year = {2010}
}

@Article{Mcgill2006Rebuilding,
  author = {Brian J McGill and Brian J Enquist and Evan Weiher and Mark Westoby},
  booktitle = {Trends in ecology \& evolution},
  doi = {10.1016/j.tree.2006.02.002},
  issn = {0169-5347},
  journal = {Trends Ecol. Evol.},
  keywords = {Animals,Ecology,Plants,Species Specificity},
  month = {4},
  number = {4},
  pages = {178-185},
  title = {Rebuilding community ecology from functional traits.},
  url = {http://www.ncbi.nlm.nih.gov/pubmed/16701083},
  urldate = {2013-05-21},
  volume = {21},
  year = {2006}
}

@Article{Pearson2003Predicting,
  author = {Richard G. Pearson and Terence P. Dawson},
  booktitle = {Glob. Ecol. Biogeogr.},
  doi = {10.1046/j.1466-822X.2003.00042.x},
  issn = {1466-822X},
  journal = {Glob. Ecol. Biogeogr.},
  keywords = {bioclimate envelope,climate,climate change,ecological modelling,ecological niche,hierarchy,scale,space},
  month = {9},
  number = {5},
  pages = {361-371},
  title = {Predicting the impacts of climate change on the distribution of species: are bioclimate envelope models useful?},
  url = {http://doi.wiley.com/10.1046/j.1466-822X.2003.00042.x},
  volume = {12},
  year = {2003}
}

@Article{Pellissier2013Combining,
  author = {Lo{\"\i}c Pellissier and Rudolf P. Rohr and Charlotte Ndiribe and Jean-Nicolas Pradervand and Nicolas Salamin and Antoine Guisan and Mary Wisz},
  booktitle = {Ecology and evolution},
  doi = {10.1002/ece3.843},
  issn = {2045-7758},
  journal = {Ecol. Evol.},
  keywords = {biotic interactions,ecological niche modeling,herbivore interactions,phylogeny,plant},
  month = {11},
  number = {13},
  pages = {4572-4583},
  title = {Combining food web and species distribution models for improved community projections.},
  url = {http://doi.wiley.com/10.1002/ece3.843,http://www.pubmedcentral.nih.gov/articlerender.fcgi?artid=3856755&tool=pmcentrez&rendertype=abstract},
  urldate = {2014-03-26},
  volume = {3},
  year = {2013}
}

@Article{Peterson2003Predicting,
  author = {A. Townsend Peterson},
  booktitle = {The Quarterly Review of Biology},
  doi = {10.1086/378926},
  issn = {0033-5770},
  journal = {Q. Rev. Biol.},
  keywords = {Algorithms,Animals,Biodiversity,Climate,Ecology,Ecosystem,Fresh Water,Genetic,Genetics,Geography,Humans,Hydrocharitaceae,Hydrocharitaceae: genetics,Models,Population,Risk Assessment,Species Specificity},
  month = {12},
  number = {4},
  pages = {419-433},
  title = {Predicting the Geography of Species' Invasions via Ecological Niche Modeling},
  url = {http://www.ncbi.nlm.nih.gov/pubmed/14737826,http://www.jstor.org/stable/10.1086/378926},
  urldate = {2015-01-09},
  volume = {78},
  year = {2003}
}

@Article{Peterson2011Ecologicala,
  author = {A. Townsend Peterson},
  booktitle = {Journal of Biogeography},
  doi = {10.1111/j.1365-2699.2010.02456.x},
  issn = {03050270},
  journal = {J. Biogeogr.},
  keywords = {ecological niche,evolutionary change,grinnell,identity,niche,niche conservatism,niche similarity,overfitting,speciation,temporal scale},
  month = {5},
  number = {5},
  pages = {817-827},
  title = {Ecological niche conservatism: a time-structured review of evidence},
  url = {http://doi.wiley.com/10.1111/j.1365-2699.2010.02456.x},
  urldate = {2013-08-14},
  volume = {38},
  year = {2011}
}



@Article{Proulx2005Network,
  author = {Stephen R Proulx and Daniel E L Promislow and Patrick C Phillips},
  booktitle = {Trends in ecology \& evolution},
  doi = {10.1016/j.tree.2005.04.004},
  issn = {0169-5347},
  journal = {Trends Ecol. Evol.},
  month = {6},
  number = {6},
  pages = {345-353},
  title = {Network thinking in ecology and evolution.},
  url = {http://www.ncbi.nlm.nih.gov/pubmed/16701391},
  urldate = {2013-02-28},
  volume = {20},
  year = {2005}
}

@Article{Ricklefs1987Community,
  author = {R E Ricklefs},
  booktitle = {Science},
  doi = {10.1126/science.235.4785.167},
  issn = {0036-8075},
  journal = {Science},
  month = {1},
  number = {4785},
  pages = {167-171},
  title = {Community diversity: relative roles of local and regional processes.},
  url = {http://www.ncbi.nlm.nih.gov/pubmed/17778629},
  urldate = {2012-04-16},
  volume = {235},
  year = {1987}
}

@Article{Roux2014Incorporating,
  author = {Peter C. {le Roux} and Lo{\"\i}c Pellissier and Mary S. Wisz and Miska Luoto},
  booktitle = {Journal of Ecology},
  doi = {10.1111/1365-2745.12239},
  issn = {00220477},
  journal = {J. Ecol.},
  month = {5},
  number = {3},
  pages = {767-775},
  title = {Incorporating dominant species as proxies for biotic interactions strengthens plant community models},
  url = {http://doi.wiley.com/10.1111/1365-2745.12239},
  urldate = {2014-10-08},
  volume = {102},
  year = {2014}
}

@Article{Saavedra2011Strong,
  author = {Serguei Saavedra and Daniel B Stouffer and Brian Uzzi and Jordi Bascompte},
  booktitle = {Nature},
  doi = {10.1038/nature10433},
  issn = {1476-4687},
  journal = {Nature},
  keywords = {Animals,Biological,Biomimetics,Competitive Behavior,Cooperative Behavior,Ecological and Environmental Phenomena,Ecosystem,Extinction,Flowers,Flowers: classification,Flowers: physiology,Insects,Insects: physiology,Introduced Species,Models,New York City,Pollination,Pollination: physiology,Socioeconomic Factors,Survival Analysis,Textile Industry,Textile Industry: economics,Textile Industry: statistics \& numerical data,Time Factors},
  month = {10},
  number = {7368},
  pages = {233-235},
  title = {Strong contributors to network persistence are the most vulnerable to extinction.},
  url = {http://www.ncbi.nlm.nih.gov/pubmed/21918515},
  urldate = {2012-03-08},
  volume = {478},
  year = {2011}
}

@Article{Saeterberg2013High,
  author = {Torbj{\"o}rn S{\"a}terberg and Stefan Sellman and Bo Ebenman},
  booktitle = {Nature},
  doi = {10.1038/nature12277},
  issn = {1476-4687},
  journal = {Nature},
  month = {7},
  number = {7459},
  pages = {468-70},
  title = {High frequency of functional extinctions in ecological networks.},
  url = {http://www.ncbi.nlm.nih.gov/pubmed/23831648},
  urldate = {2013-08-06},
  volume = {499},
  year = {2013}
}

@Article{Schneider2012Body,
  author = {Florian Dirk Schneider and Stefan Scheu and Ulrich Brose},
  booktitle = {Ecology letters},
  doi = {10.1111/j.1461-0248.2012.01750.x},
  issn = {1461-0248},
  journal = {Ecol. Lett.},
  keywords = {Animals,Arthropods,Arthropods: physiology,Body Size,Feeding Behavior,Food Chain,Mites,Mites: physiology,Predatory Behavior,Predatory Behavior: physiology,Spiders,Spiders: physiology},
  month = {5},
  number = {5},
  pages = {436-443},
  title = {Body mass constraints on feeding rates determine the consequences of predator loss.},
  url = {http://www.ncbi.nlm.nih.gov/pubmed/22380767},
  urldate = {2014-05-23},
  volume = {15},
  year = {2012}
}

@Article{Simberloff1969Experimental,
  author = {David S. Simberloff and Edward O. Wilson},
  booktitle = {Ecology},
  journal = {Ecology},
  pages = {277-296},
  title = {Experimental Zoogeography of Islands: The Colonization of Empty Islands},
  url = {http://www.jstor.org/stable/10.2307/1934856},
  urldate = {2013-03-01},
  volume = {50},
  year = {1969}
}

@Article{Stouffer2007Evidence,
  author = {Daniel B Stouffer and Juan Camacho and Wenxin Jiang and Lu{\a'\i}s A Nunes Amaral},
  booktitle = {Proc. R. Soc. B},
  doi = {10.1098/rspb.2007.0571},
  issn = {0962-8452},
  journal = {Proc. R. Soc. B},
  keywords = {Animals,Biological,Ecosystem,Food Chain,Models,Predatory Behavior},
  month = {8},
  number = {1621},
  pages = {1931-1940},
  title = {Evidence for the existence of a robust pattern of prey selection in food webs.},
  url = {http://www.pubmedcentral.nih.gov/articlerender.fcgi?artid=2275185&tool=pmcentrez&rendertype=abstract},
  urldate = {2014-09-21},
  volume = {274},
  year = {2007}
}

@Article{Suttle2007Species,
  author = {K B Suttle and Meredith A Thomsen and Mary E Power},
  booktitle = {Science},
  doi = {10.1126/science.1136401},
  issn = {1095-9203},
  journal = {Science},
  keywords = {Animals,Biodiversity,Biomass,California,Climate,Ecosystem,Food Chain,Invertebrates,Invertebrates: physiology,Nitrogen Fixation,Plants,Plants: growth \& development,Poaceae,Poaceae: growth \& development,Population Dynamics,Rain,Seasons,Time Factors},
  month = {2},
  number = {5812},
  pages = {640-2},
  title = {Species interactions reverse grassland responses to changing climate.},
  url = {http://www.ncbi.nlm.nih.gov/pubmed/17272720},
  urldate = {2012-02-29},
  volume = {315},
  year = {2007}
}

@Article{Thebault2010Stability,
  author = {Elisa Th{\a'e}bault and Colin Fontaine},
  booktitle = {Science},
  doi = {10.1126/science.1188321},
  issn = {1095-9203},
  journal = {Science},
  keywords = {Algorithms,Animals,Biological,Ecosystem,Food Chain,Insects,Insects: physiology,Models,Plant Physiological Phenomena,Pollination,Population Dynamics,Symbiosis},
  month = {8},
  number = {5993},
  pages = {853-856},
  title = {Stability of ecological communities and the architecture of mutualistic and trophic networks.},
  url = {http://www.ncbi.nlm.nih.gov/pubmed/20705861},
  urldate = {2012-03-06},
  volume = {329},
  year = {2010}
}


@Article{Urban2008Evolutionary,
  author = {Mark C Urban and Mathew A Leibold and Priyanga Amarasekare and Luc {De Meester} and Richard Gomulkiewicz and Michael E Hochberg and Christopher A Klausmeier and Nicolas Loeuille and Claire {de Mazancourt} and Jon Norberg and Jelena H Pantel and Sharon Y Strauss and Mark Vellend and Michael J Wade},
  booktitle = {Trends in ecology \& evolution},
  doi = {10.1016/j.tree.2008.02.007},
  issn = {0169-5347},
  journal = {Trends Ecol. Evol.},
  keywords = {Adaptation,Animals,Biological Evolution,Demography,Ecosystem,Food Chain,Physiological,Plants,Plants: genetics,Plants: metabolism},
  month = {6},
  number = {6},
  pages = {311-317},
  title = {The evolutionary ecology of metacommunities.},
  url = {http://www.ncbi.nlm.nih.gov/pubmed/18439707},
  urldate = {2014-03-22},
  volume = {23},
  year = {2008}
}


@Article{Warren2015Islands,
  author = {Ben H. Warren and Daniel Simberloff and Robert E. Ricklefs and Robin Aguil{\a'e}e and Fabien L. Condamine and Dominique Gravel and H{\a'e}l{\a`e}ne Morlon and Nicolas Mouquet and James Rosindell and Juliane Casquet and Elena Conti and Josselin Cornuault and Jos{\a'e} Mar{\a'\i}a Fern{\a'a}ndez-Palacios and Tomislav Hengl and Sietze J. Norder and Kenneth F. Rijsdijk and Isabel Sanmart{\a'\i}n and Dominique Strasberg and Kostas a. Triantis and Luis M. Valente and Robert J. Whittaker and Rosemary G. Gillespie and Brent C. Emerson and Christophe Th{\a'e}baud},
  booktitle = {Ecology Letters},
  doi = {10.1111/ele.12398},
  issn = {1461023X},
  journal = {Ecol. Lett.},
  keywords = {2014,community assembly,diversification,ecology letters,ecosystem functioning,genomics,island biogeography,islands as model systems,speciation},
  month = {2},
  number = {2},
  pages = {200-217},
  title = {Islands as model systems in ecology and evolution: prospects fifty years after MacArthur-Wilson},
  url = {http://doi.wiley.com/10.1111/ele.12398},
  urldate = {2015-01-06},
  volume = {18},
  year = {2015}
}

@Article{Wiens2011Niche,
  author = {John J Wiens},
  booktitle = {Philosophical transactions of the Royal Society of London. Series B, Biological sciences},
  doi = {10.1098/rstb.2011.0059},
  issn = {1471-2970},
  journal = {Phil. Trans. R. Soc. B},
  keywords = {Animals,Biodiversity,Biological,Ecosystem,Models},
  month = {8},
  number = {1576},
  pages = {2336-2350},
  title = {The niche, biogeography and species interactions.},
  url = {http://www.pubmedcentral.nih.gov/articlerender.fcgi?artid=3130432&tool=pmcentrez&rendertype=abstract},
  urldate = {2013-05-21},
  volume = {366},
  year = {2011}
}

@Article{Williams2000Simple,
  author = {R J Williams and N D Martinez},
  booktitle = {Nature},
  doi = {10.1038/35004572},
  issn = {0028-0836},
  journal = {Nature},
  keywords = {Biological,Ecology,Food Chain,Models,Monte Carlo Method},
  month = {3},
  number = {6774},
  pages = {180-183},
  title = {Simple rules yield complex food webs.},
  url = {http://www.ncbi.nlm.nih.gov/pubmed/10724169},
  volume = {404},
  year = {2000}
}

@Article{Wootton1994Nature,
  author = {J T Wootton},
  booktitle = {Annual Review of Ecology and Systematics},
  doi = {10.1146/annurev.es.25.110194.002303},
  issn = {0066-4162},
  journal = {Annu. Rev. Ecol. Evol. Syst.},
  keywords = {competition,mutualism,predation,species interactions},
  month = {11},
  number = {1},
  pages = {443-466},
  title = {The Nature and Consequences of Indirect Effects in Ecological Communities},
  url = {http://arjournals.annualreviews.org/doi/abs/10.1146%2Fannurev.es.25.110194.002303},
  volume = {25},
  year = {1994}
}

@incollection{Schoener2010MacarthurWilson,
address = {Princeton, NJ},
author = {Schoener, Thomas W},
booktitle = {The Theory of Island Biogeography Revisited},
chapter = {2},
editor = {Losos, J B and Ricklefs, R E},
pages = {52--87},
publisher = {Princeton University Press},
title = {{The MacArthur-Wilson Equilibrium Model}},
year = {2010}
}

@incollection{Holt2010Toward,
address = {Princeton, NJ},
author = {Holt, R D},
booktitle = {The Theory of Island Biogeography Revisited},
chapter = {5},
editor = {Losos, J B and Ricklefs, R E},
pages = {143--185},
publisher = {Princeton University Press},
title = {{Toward a trophic island biogeography}},
year = {2010}
}


@article{Araujo2011Using,
	author = {Ara\'{u}jo, Miguel B. and Rozenfeld, Alejandro and Rahbek, Carsten and Marquet, Pablo A.},
	booktitle = {Ecography},
	issn = 09067590,
	journal = {Ecography},
	month = 12,
	number = 6,
	pages = {897-908},
	title = {Using species co-occurrence networks to assess the impacts of climate change},
	urldate = {2012-03-01},
	volume = 34,
	year = 2011
}



@incollection{Diamond1975Assembly,
	author = {Diamond, J M},
	booktitle = {Ecology and Evolution of Communities},
	journal = {Ecology and Evolution of Communities},
	pages = {342-444},
	title = {Assembly of species communities},
	year = 1975
}

@article{Connor1979Assembly,
	author = {Connor, Edward F and Simberloff, Daniel},
	booktitle = {Ecology},
	issn = 00129658,
	journal = {Ecology},
	month = 12,
	number = 6,
	pages = 1132,
	title = {The Assembly of Species Communities: Chance or Competition?},
	urldate = {2014-09-01},
	volume = 60,
	year = 1979
}

@article{Stone1990Checkerboard,
	author = {Stone, Lewi and Roberts, Alan},
	booktitle = {Oecologia},
	issn = {0029-8549},
	journal = {Oecologia},
	keywords = {a n d o,checkerboard pattern - r,community structure - bird,m colonisa-,tion - species interaction},
	month = 11,
	number = 1,
	pages = {74-79},
	title = {The checkerboard score and species distributions},
	urldate = {2014-09-19},
	volume = 85,
	year = 1990
}

@book{Gotelli1996Null,
	author = {Gotelli, N J and Graves, G R},
	booktitle = {Ecology},
	issn = {0936-9937},
	journal = {Ecology},
	pages = 368,
	title = {Null models in ecology},
	volume = 14,
	year = 1996
}

@book{Legendre2012Numerical,
	author = {Legendre, P and Legendre, LFJ},
	publisher = {Elsevier},
	edition = {thord edition},
	address= {Amsterdam, the Netherlands},
	title = {Numerical ecology},
	year = 2012
}

@article{Pielou1968Association,
	author = {Pielou, D P and Pielou, E C},
	booktitle = {Journal of theoretical biology},
	issn = {0022-5193},
	journal = {Journal of theoretical biology},
	keywords = {Animals,Basidiomycota,Ecology,Insects,Population,Sampling Studies,Spiders},
	month = 11,
	number = 2,
	pages = {202-16},
	title = {Association among species of infrequent occurrence: the insect and spider fauna of Polyporus betulinus (Bulliard) Fries.},
	urldate = {2014-09-19},
	volume = 21,
	year = 1968
}



@article{Veech2013Probabilistic,
	author = {Veech, Joseph A.},
	booktitle = {Global Ecology and Biogeography},
	issn = {1466822X},
	journal = {Global Ecology and Biogeography},
	keywords = {biogeography,combinatorics,community assembly,d u c t,distribution,i n t ro,i o n,nestedness,null model,probability},
	month = 2,
	number = 2,
	pages = {252-260},
	title = {A probabilistic model for analysing species co-occurrence},
	urldate = {2014-07-24},
	volume = 22,
	year = 2013
}

@article{Guisan2005Predicting,
	author = {Guisan, Antoine and Thuiller, Wilfried},
	booktitle = {Ecology Letters},
	issn = {1461-023X},
	journal = {Ecology Letters},
	keywords = {dispersal,dynamics,ecological niche theory,future projections,habitat suitability maps,population,prediction errors,predictive biogeography,spatial scales,species distribution},
	month = 9,
	number = 9,
	pages = {993-1009},
	title = {Predicting species distribution: offering more than simple habitat models},
	urldate = {2011-07-17},
	volume = 8,
	year = 2005
}

@article{Kissling2011Towards,
	author = {Kissling, W. D. and Dormann, Carsten F. and Groeneveld, J\"{u}rgen and Hickler, Thomas and K\"{u}hn, Ingolf and McInerny, Greg J. and Montoya, Jos\'e M. and R\"{o}mermann, Christine and Schiffers, Katja and Schurr, Frank M. and Singer, Alexander and Svenning, Jens-Christian and Zimmermann, Niklaus E. and O'Hara, Robert B.},
	booktitle = {Journal of Biogeography},
	issn = 03050270,
	journal = {Journal of Biogeography},
	month = 12,
	pages = {1-16},
	title = {Towards novel approaches to modelling biotic interactions in multispecies assemblages at large spatial extents},
	year = 2011
}


@article{Hutchinson1957Concluding,
	author = {Hutchinson, G E},
	booktitle = {Quantitative Biology},
	journal = {Quantitative Biology},
	pages = {415-427},
	title = {Concluding remarks. Cold Spring Harbor Symposium},
	volume = 22,
	year = 1957
}

@article{Clark2014More,
	author = {Clark, James S and Gelfand, Alan E and Woodall, Christopher W and Zhu, Kai},
	booktitle = {Ecological applications : a publication of the Ecological Society of America},
	issn = {1051-0761},
	journal = {Ecological applications : a publication of the Ecological Society of America},
	keywords = {absence,biodiversity,climate change,species abundance,species distributions,species occurrence,species presence,zero inflation},
	month = 7,
	number = 5,
	pages = {990-999},
	title = {More than the sum of the parts: forest climate response from joint species distribution models.},
	volume = 24,
	year = 2014
}

@article{Harris2015Estimating,
author = {Harris, David J.},
doi = {http://dx.doi.org/10.1101/018861},
file = {:Users/kcazelles/Documents/Readings/Mendeley/Biorix preprint/2015/Harris2015.pdf:pdf},
journal = {Biorix preprint},
keywords = {absence matrix,biogeography,ecological interactions,ising model,markov network,markov random field,null model,occurrence data,presence,species associations},
title = {Estimating species interactions from observational data with Markov networks},
year = {2015}
}


@article{Pollock2014Understanding,
	author = {Pollock, Laura J. and Tingley, Reid and Morris, William K. and Golding, Nick and O'Hara, Robert B. and Parris, Kirsten M. and Vesk, Peter A. and McCarthy, Michael A.},
	booktitle = {Methods in Ecology and Evolution},
	issn = {2041210X},
	journal = {Methods in Ecology and Evolution},
	month = 5,
	number = 5,
	pages = {397-406},
	title = {Understanding co-occurrence by modelling species simultaneously with a Joint Species Distribution Model (JSDM)},
	urldate = {2014-07-11},
	volume = 5,
	year = 2014
}


@article{Hairston1960Community,
	author = {Hairston, Nelson G and Smith, Frederick E and Slobodkin, Lawrence B},
	booktitle = {The American Naturalist},
	issn = {0003-0147},
	journal = {The American Naturalist},
	month = 1,
	number = 879,
	pages = 421,
	title = {Community Structure, Population Control, and Competition},
	urldate = {2014-09-19},
	volume = 94,
	year = 1960
}

@article{Oksanen1981Exploitation,
	author = {Oksanen, Lauri and Fretwell, Stephen D and Arruda, Joseph and Niemela, Pekka},
	booktitle = {The American Naturalist},
	issn = {0003-0147},
	journal = {The American Naturalist},
	month = 8,
	number = 2,
	pages = 240,
	title = {Exploitation Ecosystems in Gradients of Primary Productivity},
	urldate = {2014-09-20},
	volume = 118,
	year = 1981
}

@article{Yodzis1988Indeterminacy,
	author = {Yodzis, Peter},
	booktitle = {Ecology},
	issn = 00129658,
	journal = {Ecology},
	keywords = {communities},
	month = 4,
	number = 2,
	pages = {508-515},
	title = {The Indeterminacy of Ecological Interactions as Perceived Through Perturbation Experiments},
	urldate = {2015-01-16},
	volume = 69,
	year = 1988
}

@article{Montoya2009Press,
	author = {Montoya, Jos\'{e} M and Woodward, Guy and Emmerson, Mark C and Sol\'{e}, Ricard V},
	booktitle = {Ecology},
	issn = {0012-9658},
	journal = {Ecology},
	keywords = {Adaptation,Animals,Biological,Biomass,Fishes,Fishes: physiology,Food Chain,Invertebrates,Invertebrates: physiology,Membrane Proteins,Population Density,Population Dynamics,Rivers,Saccharomyces cerevisiae Proteins},
	month = 9,
	number = 9,
	pages = {2426-2433},
	title = {Press perturbations and indirect effects in real food webs.},
	volume = 90,
	year = 2009
}

@book{Hubbell2001Unified,
  title={The Unified Neutral Theory of Biodiversity and Biogeography (MPB-32)},
  author={Hubbell, S.P.},

  lccn={00051637},
  series={Monographs in Population Biology},
  year={2001},
  publisher={Princeton University Press},
  address={Princeton, UK}
}


@article{Bell2005CoDistribution,
	author = {Bell, Graham},
	booktitle = {Ecology},
	issn = {0012-9658},
	journal = {Ecology},
	keywords = {abundance,adaptation,assembly rules,co-occurrence,di-,dispersal,distribution,neutral model,range,versity},
	month = 7,
	number = 7,
	pages = {1757-1770},
	title = {The co-distribution of species in relation to the neutral theory of community ecology},
	urldate = {2014-09-20},
	volume = 86,
	year = 2005
}

@article{Milo2002Network,
	author = {Milo, R and Shen-Orr, S and Itzkovitz, S and Kashtan, N and Chklovskii, D and Alon, U},
	issn = {1095-9203},
	journal = {Science},
	keywords = {Algorithms,Animals,Caenorhabditis elegans,Caenorhabditis elegans: anatomy \& histology,Caenorhabditis elegans: physiology,Electronics,Escherichia coli,Escherichia coli: genetics,Food Chain,Gene Expression Regulation,Internet,Nerve Net,Nerve Net: physiology,Neurons,Neurons: physiology,Saccharomyces cerevisiae,Saccharomyces cerevisiae: genetics,Synapses,Synapses: physiology},
	month = 10,
	number = 5594,
	pages = {824-7},
	title = {Network motifs: simple building blocks of complex networks.},
	urldate = {2014-05-23},
	volume = 298,
	year = 2002
}

@article{Stouffer2010Understanding,
	author = {Stouffer, Daniel B and Bascompte, Jordi},
	booktitle = {Ecology letters},
	issn = {1461-0248},
	journal = {Ecology letters},
	keywords = {Animals,Biological,Extinction,Food Chain,Models,Time Factors},
	month = 2,
	number = 2,
	pages = {154-161},
	title = {Understanding food-web persistence from local to global scales.},
	urldate = {2014-07-16},
	volume = 13,
	year = 2010
}


@article{Chamberlain2014How,
	author = {Chamberlain, Scott A and Bronstein, Judith L and Rudgers, Jennifer A},
	booktitle = {Ecology letters},
	issn = {1461-0248},
	journal = {Ecology letters},
	keywords = {2014,coefficient of variation,community context,conditionality,distributed outcomes,ecology letters,interaction,meta-analysis,strength},
	month = 4,
	title = {How context dependent are species interactions?},
	urldate = {2014-04-28},
	year = 2014
}

@article{Rohr2010Modeling,
	author = {Rohr, Rudolf Philippe and Scherer, Heike and Kehrli, Patrik and Mazza, Christian and Bersier, Louis-F\'{e}lix},
	booktitle = {The American naturalist},
	issn = {1537-5323},
	journal = {The American naturalist},
	keywords = {Animals,Bayes Theorem,Body Size,Food Chain,Markov Chains,Models, Biological,Monte Carlo Method,Predatory Behavior,Species Specificity},
	month = 8,
	number = 2,
	pages = {170-7},
	title = {Modeling food webs: exploring unexplained structure using latent traits.},
	urldate = {2014-08-18},
	volume = 176,
	year = 2010
}


@article{Poisot2012Dissimilarity,
	author = {Poisot, Timoth\'{e}e and Canard, Elsa and Mouillot, David and Mouquet, Nicolas and Gravel, Dominique and Jordan, Ferenc},
	booktitle = {Ecology letters},
	issn = {1461-0248},
	journal = {Ecology letters},
	keywords = {1,1353,1361,15,2,2012,b-diversity,e poisot,ecology letters,elsa,food web,metaweb,species interaction networks},
	month = 12,
	number = 12,
	pages = {1353-61},
	title = {The dissimilarity of species interaction networks.},
	urldate = {2012-11-05},
	volume = 15,
	year = 2012
}


@article{Baselga2009Individualistic,
	author = {Baselga, Andr\'{e}s and Ara\'{u}jo, Miguel B.},
	booktitle = {Ecography},
	issn = 09067590,
	journal = {Ecography},
	month = 4,
	number = 1,
	pages = {55-65},
	title = {Individualistic vs community modelling of species distributions under climate change},
	urldate = {2014-08-04},
	volume = 32,
	year = 2009
}

@article{Fordham2013Adapted,
	author = {Fordham, D. A. and Akçakaya, H. R. and Brook, B. W. and Rodr\'{i}guez, A. and Alves, P. C. and Civantos, E. and Trivi\~{n}o, M. and Watts, M. J. and Ara\'{u}jo, M. B.},
	booktitle = {Nature Climate Change},
	issn = {1758-678X},
	journal = {Nature Climate Change},
	month = 7,
	number = 10,
	pages = {899-903},
	title = {Adapted conservation measures are required to save the Iberian lynx in a changing climate},
	urldate = {2014-08-22},
	volume = 3,
	year = 2013
}


@article{Ovaskainen2010Modeling,
	author = {Ovaskainen, Otso and Hottola, Jenni and Shtonen, Juha},
	booktitle = {Ecology},
	issn = 00129658,
	journal = {Ecology},
	keywords = {Bayesian inference,Dead wood,Logistic regression,Multivariate model,Polypore,Species community,Species interaction,Wood-decaying fungi},
	number = 9,
	pages = {2514-2521},
	title = {Modeling species co-occurrence by multivariate logistic regression generates new hypotheses on fungal interactions},
	volume = 91,
	year = 2010
}

@article{Castilla2015Inferring,
	author = {Morales-Castilla, Ignacio and Matias, Miguel G. and Gravel, Dominique and Ara\'{u}jo, Miguel B.},
	booktitle = {Trends in Ecology \& Evolution},
	issn = 01695347,
	journal = {Trends in Ecology \& Evolution},
	number = 6,
	pages = {347-356},
	title = {Inferring biotic interactions from proxies},
	volume = 30,
	year = 2015
}

@article{Ulrich2013Pattern,
	author = {Ulrich, Werner and Gotelli, Nicholas J.},
	booktitle = {Oikos},
	issn = 00301299,
	journal = {Oikos},
	number = 1,
	pages = {2-18},
	title = {Pattern detection in null model analysis},
	volume = 122,
	year = 2013
}



@article{Berlow2009Simple,
	author = {Berlow, Eric L and Dunne, Jennifer A and Martinez, Neo D and Stark, Philip B and Williams, Richard J and Brose, Ulrich},
	booktitle = {Proceedings of the National Academy of Sciences of the United States of America},
	issn = {1091-6490},
	journal = {Proceedings of the National Academy of Sciences of the United States of America},
	keywords = {Animals,Biomass,Body Size,Ecology,Extinction, Biological,Feeding Behavior,Food Chain,Models, Theoretical,Population Dynamics},
	month = 1,
	number = 1,
	pages = {187-91},
	title = {Simple prediction of interaction strengths in complex food webs.},
	volume = 106,
	year = 2009
}

@article{Thuiller2013Road,
	author = {Thuiller, Wilfried and Münkemüller, Tamara and Lavergne, S\'{e}bastien and Mouillot, David and Mouquet, Nicolas and Schiffers, Katja and Gravel, Dominique},
	booktitle = {Ecology Letters},
	issn = {1461023X},
	journal = {Ecology Letters},
	keywords = {1,2013,biotic interactions,ecology letters,hybrid modelling,metacommunity,rapid adaptation,species distribution,tamara,wilfried thuiller},
	month = 5,
	pages = {94-105},
	title = {A road map for integrating eco-evolutionary processes into biodiversity models},
	urldate = {2013-05-21},
	volume = 16,
	year = 2013
}





@article{Stouffer2010Scaling,
	author = {Stouffer, Daniel B.},
	booktitle = {Functional Ecology},
	issn = 02698463,
	journal = {Functional Ecology},
	month = 2,
	number = 1,
	pages = {44-51},
	title = {Scaling from individuals to networks in food webs},
	urldate = {2014-10-23},
	volume = 24,
	year = 2010
}


