@article{Araujo2011Using,
	author = {Ara\'{u}jo, Miguel B. and Rozenfeld, Alejandro and Rahbek, Carsten and Marquet, Pablo A.},
	booktitle = {Ecography},
	issn = 09067590,
	journal = {Ecography},
	month = 12,
	number = 6,
	pages = {897-908},
	title = {Using species co-occurrence networks to assess the impacts of climate change},
	urldate = {2012-03-01},
	volume = 34,
	year = 2011
}

@incollection{Diamond1975Assembly,
	author = {Diamond, J M},
	booktitle = {Ecology and Evolution of Communities},
	journal = {Ecology and Evolution of Communities},
	pages = {342-444},
	title = {Assembly of species communities},
	year = 1975
}

@article{Connor1979Assembly,
	author = {Connor, Edward F and Simberloff, Daniel},
	booktitle = {Ecology},
	issn = 00129658,
	journal = {Ecology},
	month = 12,
	number = 6,
	pages = 1132,
	title = {The Assembly of Species Communities: Chance or Competition?},
	urldate = {2014-09-01},
	volume = 60,
	year = 1979
}

@article{Stone1990Checkerboard,
	author = {Stone, Lewi and Roberts, Alan},
	booktitle = {Oecologia},
	issn = {0029-8549},
	journal = {Oecologia},
	keywords = {a n d o,checkerboard pattern - r,community structure - bird,m colonisa-,tion - species interaction},
	month = 11,
	number = 1,
	pages = {74-79},
	title = {The checkerboard score and species distributions},
	urldate = {2014-09-19},
	volume = 85,
	year = 1990
}

@book{Gotelli1996Null,
	author = {Gotelli, N J and Graves, G R},
	booktitle = {Ecology},
	issn = {0936-9937},
	journal = {Ecology},
	pages = 368,
	title = {Null models in ecology},
	volume = 14,
	year = 1996
}

@book{Legendre2012Numerical,
	author = {Legendre, P and Legendre, LFJ},
	publisher = {Elsevier},
	edition = {thord edition},
	address= {Amsterdam, the Netherlands},
	title = {Numerical ecology},
	year = 2012
}

@article{Pielou1968Association,
	author = {Pielou, D P and Pielou, E C},
	booktitle = {Journal of theoretical biology},
	issn = {0022-5193},
	journal = {Journal of theoretical biology},
	keywords = {Animals,Basidiomycota,Ecology,Insects,Population,Sampling Studies,Spiders},
	month = 11,
	number = 2,
	pages = {202-16},
	title = {Association among species of infrequent occurrence: the insect and spider fauna of Polyporus betulinus (Bulliard) Fries.},
	urldate = {2014-09-19},
	volume = 21,
	year = 1968
}

@article{Diamond1982Examination,
	author = {Diamond, Jared M and Gilpin, Michael E},
	booktitle = {Oecologia},
	issn = {0029-8549},
	journal = {Oecologia},
	month = 1,
	number = 1,
	pages = {64-74},
	title = {Examination of the “null” model of connor and simberloff for species co-occurrences on Islands},
	urldate = {2014-09-20},
	volume = 52,
	year = 1982
}

@article{Boulangeat2012Accounting,
	author = {Boulangeat, Isabelle and Gravel, Dominique and Thuiller, Wilfried},
	booktitle = {Ecology letters},
	issn = {1461-0248},
	journal = {Ecology letters},
	keywords = {Biological,Ecosystem,France,Geography,Models,Plants,Seed Dispersal,Statistical},
	month = 6,
	number = 6,
	pages = {584-593},
	title = {Accounting for dispersal and biotic interactions to disentangle the drivers of species distributions and their abundances.},
	urldate = {2014-03-24},
	volume = 15,
	year = 2012
}

@article{Veech2013Probabilistic,
	author = {Veech, Joseph A.},
	booktitle = {Global Ecology and Biogeography},
	issn = {1466822X},
	journal = {Global Ecology and Biogeography},
	keywords = {biogeography,combinatorics,community assembly,d u c t,distribution,i n t ro,i o n,nestedness,null model,probability},
	month = 2,
	number = 2,
	pages = {252-260},
	title = {A probabilistic model for analysing species co-occurrence},
	urldate = {2014-07-24},
	volume = 22,
	year = 2013
}

@article{Guisan2005Predicting,
	author = {Guisan, Antoine and Thuiller, Wilfried},
	booktitle = {Ecology Letters},
	issn = {1461-023X},
	journal = {Ecology Letters},
	keywords = {dispersal,dynamics,ecological niche theory,future projections,habitat suitability maps,population,prediction errors,predictive biogeography,spatial scales,species distribution},
	month = 9,
	number = 9,
	pages = {993-1009},
	title = {Predicting species distribution: offering more than simple habitat models},
	urldate = {2011-07-17},
	volume = 8,
	year = 2005
}

@article{Kissling2011Towards,
	author = {Kissling, W. D. and Dormann, Carsten F. and Groeneveld, J\"{u}rgen and Hickler, Thomas and K\"{u}hn, Ingolf and McInerny, Greg J. and Montoya, Jos\'e M. and R\"{o}mermann, Christine and Schiffers, Katja and Schurr, Frank M. and Singer, Alexander and Svenning, Jens-Christian and Zimmermann, Niklaus E. and O'Hara, Robert B.},
	booktitle = {Journal of Biogeography},
	issn = 03050270,
	journal = {Journal of Biogeography},
	month = 12,
	pages = {1-16},
	title = {Towards novel approaches to modelling biotic interactions in multispecies assemblages at large spatial extents},
	year = 2011
}

@book{Macarthur1967Theory,
	address = {Princeton, NJ},
	author = {MacArthur, R H and Wilson, E O},
	booktitle = {Conservation Biology},
	journal = {Conservation Biology},
	pages = 203,
	publisher = {Princeton University Press},
	series = {Princeton Landmarks in Biology},
	title = {Theory of Island Biogeography},
	address = {Princeton, UK},
	volume = 1,
	year = 1967
}

@book{Macarthur1972Geographical,
	author = {MacArthur, R H},
	booktitle = {Ecology},
	chapter = 6,
	issn = 00129658,
	journal = {Ecology},
	number = 2,
	pages = {460-461},
	publisher = {Princeton University Press},
	title = {Geographical Ecology},
	address = {Princeton, UK},
	volume = 54,
	year = 1972
}

@article{Hutchinson1957Concluding,
	author = {Hutchinson, G E},
	booktitle = {Quantitative Biology},
	journal = {Quantitative Biology},
	pages = {415-427},
	title = {Concluding remarks. Cold Spring Harbor Symposium},
	volume = 22,
	year = 1957
}

@article{Clark2014More,
	author = {Clark, James S and Gelfand, Alan E and Woodall, Christopher W and Zhu, Kai},
	booktitle = {Ecological applications : a publication of the Ecological Society of America},
	issn = {1051-0761},
	journal = {Ecological applications : a publication of the Ecological Society of America},
	keywords = {absence,biodiversity,climate change,species abundance,species distributions,species occurrence,species presence,zero inflation},
	month = 7,
	number = 5,
	pages = {990-999},
	title = {More than the sum of the parts: forest climate response from joint species distribution models.},
	volume = 24,
	year = 2014
}

@article{Harris2015Estimating,
author = {Harris, David J.},
doi = {http://dx.doi.org/10.1101/018861},
file = {:Users/kcazelles/Documents/Readings/Mendeley/Biorix preprint/2015/Harris2015.pdf:pdf},
journal = {Biorix preprint},
keywords = {absence matrix,biogeography,ecological interactions,ising model,markov network,markov random field,null model,occurrence data,presence,species associations},
title = {Estimating species interactions from observational data with Markov networks},
year = {2015}
}


@article{Pollock2014Understanding,
	author = {Pollock, Laura J. and Tingley, Reid and Morris, William K. and Golding, Nick and O'Hara, Robert B. and Parris, Kirsten M. and Vesk, Peter A. and McCarthy, Michael A.},
	booktitle = {Methods in Ecology and Evolution},
	issn = {2041210X},
	journal = {Methods in Ecology and Evolution},
	month = 5,
	number = 5,
	pages = {397-406},
	title = {Understanding co-occurrence by modelling species simultaneously with a Joint Species Distribution Model (JSDM)},
	urldate = {2014-07-11},
	volume = 5,
	year = 2014
}

@article{Wootton1994Nature,
	author = {Wootton, J T},
	booktitle = {Annual Review of Ecology and Systematics},
	issn = {0066-4162},
	journal = {Annual Review of Ecology and Systematics},
	keywords = {competition,mutualism,predation,species interactions},
	month = 11,
	number = 1,
	pages = {443-466},
	title = {The Nature and Consequences of Indirect Effects in Ecological Communities},
	volume = 25,
	year = 1994
}

@article{Hairston1960Community,
	author = {Hairston, Nelson G and Smith, Frederick E and Slobodkin, Lawrence B},
	booktitle = {The American Naturalist},
	issn = {0003-0147},
	journal = {The American Naturalist},
	month = 1,
	number = 879,
	pages = 421,
	title = {Community Structure, Population Control, and Competition},
	urldate = {2014-09-19},
	volume = 94,
	year = 1960
}

@article{Oksanen1981Exploitation,
	author = {Oksanen, Lauri and Fretwell, Stephen D and Arruda, Joseph and Niemela, Pekka},
	booktitle = {The American Naturalist},
	issn = {0003-0147},
	journal = {The American Naturalist},
	month = 8,
	number = 2,
	pages = 240,
	title = {Exploitation Ecosystems in Gradients of Primary Productivity},
	urldate = {2014-09-20},
	volume = 118,
	year = 1981
}

@article{Yodzis1988Indeterminacy,
	author = {Yodzis, Peter},
	booktitle = {Ecology},
	issn = 00129658,
	journal = {Ecology},
	keywords = {communities},
	month = 4,
	number = 2,
	pages = {508-515},
	title = {The Indeterminacy of Ecological Interactions as Perceived Through Perturbation Experiments},
	urldate = {2015-01-16},
	volume = 69,
	year = 1988
}

@article{Montoya2009Press,
	author = {Montoya, Jos\'{e} M and Woodward, Guy and Emmerson, Mark C and Sol\'{e}, Ricard V},
	booktitle = {Ecology},
	issn = {0012-9658},
	journal = {Ecology},
	keywords = {Adaptation,Animals,Biological,Biomass,Fishes,Fishes: physiology,Food Chain,Invertebrates,Invertebrates: physiology,Membrane Proteins,Population Density,Population Dynamics,Rivers,Saccharomyces cerevisiae Proteins},
	month = 9,
	number = 9,
	pages = {2426-2433},
	title = {Press perturbations and indirect effects in real food webs.},
	volume = 90,
	year = 2009
}

@book{Hubbell2001Unified,
  title={The Unified Neutral Theory of Biodiversity and Biogeography (MPB-32)},
  author={Hubbell, S.P.},

  lccn={00051637},
  series={Monographs in Population Biology},
  year={2001},
  publisher={Princeton University Press},
  address={Princeton, UK}
}


@article{Bell2005CoDistribution,
	author = {Bell, Graham},
	booktitle = {Ecology},
	issn = {0012-9658},
	journal = {Ecology},
	keywords = {abundance,adaptation,assembly rules,co-occurrence,di-,dispersal,distribution,neutral model,range,versity},
	month = 7,
	number = 7,
	pages = {1757-1770},
	title = {The co-distribution of species in relation to the neutral theory of community ecology},
	urldate = {2014-09-20},
	volume = 86,
	year = 2005
}

@article{Milo2002Network,
	author = {Milo, R and Shen-Orr, S and Itzkovitz, S and Kashtan, N and Chklovskii, D and Alon, U},
	issn = {1095-9203},
	journal = {Science},
	keywords = {Algorithms,Animals,Caenorhabditis elegans,Caenorhabditis elegans: anatomy \& histology,Caenorhabditis elegans: physiology,Electronics,Escherichia coli,Escherichia coli: genetics,Food Chain,Gene Expression Regulation,Internet,Nerve Net,Nerve Net: physiology,Neurons,Neurons: physiology,Saccharomyces cerevisiae,Saccharomyces cerevisiae: genetics,Synapses,Synapses: physiology},
	month = 10,
	number = 5594,
	pages = {824-7},
	title = {Network motifs: simple building blocks of complex networks.},
	urldate = {2014-05-23},
	volume = 298,
	year = 2002
}

@article{Stouffer2010Understanding,
	author = {Stouffer, Daniel B and Bascompte, Jordi},
	booktitle = {Ecology letters},
	issn = {1461-0248},
	journal = {Ecology letters},
	keywords = {Animals,Biological,Extinction,Food Chain,Models,Time Factors},
	month = 2,
	number = 2,
	pages = {154-161},
	title = {Understanding food-web persistence from local to global scales.},
	urldate = {2014-07-16},
	volume = 13,
	year = 2010
}

@article{Williams2000Simple,
	author = {Williams, R J and Martinez, N D},
	booktitle = {Nature},
	issn = {0028-0836},
	journal = {Nature},
	keywords = {Biological,Ecology,Food Chain,Models,Monte Carlo Method},
	month = 3,
	number = 6774,
	pages = {180-183},
	title = {Simple rules yield complex food webs.},
	volume = 404,
	year = 2000
}

@article{Chamberlain2014How,
	author = {Chamberlain, Scott A and Bronstein, Judith L and Rudgers, Jennifer A},
	booktitle = {Ecology letters},
	issn = {1461-0248},
	journal = {Ecology letters},
	keywords = {2014,coefficient of variation,community context,conditionality,distributed outcomes,ecology letters,interaction,meta-analysis,strength},
	month = 4,
	title = {How context dependent are species interactions?},
	urldate = {2014-04-28},
	year = 2014
}

@article{Rohr2010Modeling,
	author = {Rohr, Rudolf Philippe and Scherer, Heike and Kehrli, Patrik and Mazza, Christian and Bersier, Louis-F\'{e}lix},
	booktitle = {The American naturalist},
	issn = {1537-5323},
	journal = {The American naturalist},
	keywords = {Animals,Bayes Theorem,Body Size,Food Chain,Markov Chains,Models, Biological,Monte Carlo Method,Predatory Behavior,Species Specificity},
	month = 8,
	number = 2,
	pages = {170-7},
	title = {Modeling food webs: exploring unexplained structure using latent traits.},
	urldate = {2014-08-18},
	volume = 176,
	year = 2010
}

@article{Gravel2013Inferring,
	author = {Gravel, Dominique and Poisot, Timoth\'{e}e and Albouy, Camille and Velez, Laure and Mouillot, David},
	booktitle = {Methods in Ecology and Evolution},
	issn = {2041210X},
	journal = {Methods in Ecology and Evolution},
	month = 11,
	number = 11,
	pages = {1083-1090},
	title = {Inferring food web structure from predator-prey body size relationships},
	urldate = {2014-05-28},
	volume = 4,
	year = 2013
}

@article{Poisot2012Dissimilarity,
	author = {Poisot, Timoth\'{e}e and Canard, Elsa and Mouillot, David and Mouquet, Nicolas and Gravel, Dominique and Jordan, Ferenc},
	booktitle = {Ecology letters},
	issn = {1461-0248},
	journal = {Ecology letters},
	keywords = {1,1353,1361,15,2,2012,b-diversity,e poisot,ecology letters,elsa,food web,metaweb,species interaction networks},
	month = 12,
	number = 12,
	pages = {1353-61},
	title = {The dissimilarity of species interaction networks.},
	urldate = {2012-11-05},
	volume = 15,
	year = 2012
}

@article{Araujo2007Importance,
	author = {Ara\'{u}jo, Miguel B. and Luoto, Miska},
	booktitle = {Global Ecology and Biogeography},
	issn = {1466-822X},
	journal = {Global Ecology and Biogeography},
	keywords = {bioclimatic envelope models,climate change,clouded apollo butterfly,correspondence,cross-validation,europe,macroecology,miguel b,parnassius mnemosyne,sensitivity analysis,uncertainty},
	month = 11,
	number = 6,
	pages = {743-753},
	title = {The importance of biotic interactions for modelling species distributions under climate change},
	urldate = {2012-03-09},
	volume = 16,
	year = 2007
}

@article{Baselga2009Individualistic,
	author = {Baselga, Andr\'{e}s and Ara\'{u}jo, Miguel B.},
	booktitle = {Ecography},
	issn = 09067590,
	journal = {Ecography},
	month = 4,
	number = 1,
	pages = {55-65},
	title = {Individualistic vs community modelling of species distributions under climate change},
	urldate = {2014-08-04},
	volume = 32,
	year = 2009
}

@article{Fordham2013Adapted,
	author = {Fordham, D. A. and Akçakaya, H. R. and Brook, B. W. and Rodr\'{i}guez, A. and Alves, P. C. and Civantos, E. and Trivi\~{n}o, M. and Watts, M. J. and Ara\'{u}jo, M. B.},
	booktitle = {Nature Climate Change},
	issn = {1758-678X},
	journal = {Nature Climate Change},
	month = 7,
	number = 10,
	pages = {899-903},
	title = {Adapted conservation measures are required to save the Iberian lynx in a changing climate},
	urldate = {2014-08-22},
	volume = 3,
	year = 2013
}

@article{Peterson2011Ecologicala,
	author = {Peterson, A. Townsend},
	booktitle = {Journal of Biogeography},
	issn = 03050270,
	journal = {Journal of Biogeography},
	keywords = {ecological niche,evolutionary change,grinnell,identity,niche,niche conservatism,niche similarity,overfitting,speciation,temporal scale},
	month = 5,
	number = 5,
	pages = {817-827},
	title = {Ecological niche conservatism: a time-structured review of evidence},
	urldate = {2013-08-14},
	volume = 38,
	year = 2011
}

@article{Ovaskainen2010Modeling,
	author = {Ovaskainen, Otso and Hottola, Jenni and Shtonen, Juha},
	booktitle = {Ecology},
	issn = 00129658,
	journal = {Ecology},
	keywords = {Bayesian inference,Dead wood,Logistic regression,Multivariate model,Polypore,Species community,Species interaction,Wood-decaying fungi},
	number = 9,
	pages = {2514-2521},
	title = {Modeling species co-occurrence by multivariate logistic regression generates new hypotheses on fungal interactions},
	volume = 91,
	year = 2010
}

@article{Castilla2015Inferring,
	author = {Morales-Castilla, Ignacio and Matias, Miguel G. and Gravel, Dominique and Ara\'{u}jo, Miguel B.},
	booktitle = {Trends in Ecology \& Evolution},
	issn = 01695347,
	journal = {Trends in Ecology \& Evolution},
	number = 6,
	pages = {347-356},
	title = {Inferring biotic interactions from proxies},
	volume = 30,
	year = 2015
}

@article{Ulrich2013Pattern,
	author = {Ulrich, Werner and Gotelli, Nicholas J.},
	booktitle = {Oikos},
	issn = 00301299,
	journal = {Oikos},
	number = 1,
	pages = {2-18},
	title = {Pattern detection in null model analysis},
	volume = 122,
	year = 2013
}

@article{Holt2009Trophic,
	author = {Holt, Robert D and Barfield, Michael},
	booktitle = {Proceedings. Biological sciences / The Royal Society},
	issn = {0962-8452},
	journal = {Proceedings. Biological sciences / The Royal Society},
	keywords = {Animals,Biological,Biological Evolution,Food Chain,Lupinus,Models,Moths,Population Dynamics,Predatory Behavior},
	month = 4,
	number = 1661,
	pages = {1435-1442},
	title = {Trophic interactions and range limits: the diverse roles of predation.},
	urldate = {2012-03-01},
	volume = 276,
	year = 2009
}

@article{Jabot2012Bitrophic,
	author = {Jabot, Franck and Bascompte, Jordi},
	booktitle = {Proceedings of the National Academy of Sciences of the United States of America},
	issn = {1091-6490},
	journal = {Proceedings of the National Academy of Sciences of the United States of America},
	keywords = {Algorithms,Animals,Bayes Theorem,Biodiversity,Biological,Biology,Biology: methods,Computer Simulation,Conservation of Natural Resources,Ecology,Ecosystem,Food Chain,Fungi,Fungi: metabolism,Herbivory,Insects,Models,Plants,Population Dynamics,Statistical},
	month = 3,
	number = 12,
	pages = {4521-4526},
	title = {Bitrophic interactions shape biodiversity in space.},
	urldate = {2012-11-01},
	volume = 109,
	year = 2012
}

@article{Araujo2014Geographic,
	author = {Ara\'{u}jo, Miguel B. and Rozenfeld, Alejandro},
	booktitle = {Ecography},
	issn = 16000587,
	journal = {Ecography},
	number = 5,
	pages = {406-415},
	title = {The geographic scaling of biotic interactions},
	volume = 37,
	year = 2014
}

@article{Gravel2011Trophic,
	author = {Gravel, Dominique and Massol, François and Canard, Elsa and Mouillot, David and Mouquet, Nicolas},
	booktitle = {Ecology letters},
	issn = {1461-0248},
	journal = {Ecology letters},
	keywords = {Animals,Biodiversity,Biological,Computer Simulation,Diet,Food Chain,Geography,Models,Phylogeography},
	month = 10,
	number = 10,
	pages = {1010-1016},
	title = {Trophic theory of island biogeography.},
	volume = 14,
	year = 2011
}

@article{Berlow2009Simple,
	author = {Berlow, Eric L and Dunne, Jennifer A and Martinez, Neo D and Stark, Philip B and Williams, Richard J and Brose, Ulrich},
	booktitle = {Proceedings of the National Academy of Sciences of the United States of America},
	issn = {1091-6490},
	journal = {Proceedings of the National Academy of Sciences of the United States of America},
	keywords = {Animals,Biomass,Body Size,Ecology,Extinction, Biological,Feeding Behavior,Food Chain,Models, Theoretical,Population Dynamics},
	month = 1,
	number = 1,
	pages = {187-91},
	title = {Simple prediction of interaction strengths in complex food webs.},
	volume = 106,
	year = 2009
}

@article{Thuiller2013Road,
	author = {Thuiller, Wilfried and Münkemüller, Tamara and Lavergne, S\'{e}bastien and Mouillot, David and Mouquet, Nicolas and Schiffers, Katja and Gravel, Dominique},
	booktitle = {Ecology Letters},
	issn = {1461023X},
	journal = {Ecology Letters},
	keywords = {1,2013,biotic interactions,ecology letters,hybrid modelling,metacommunity,rapid adaptation,species distribution,tamara,wilfried thuiller},
	month = 5,
	pages = {94-105},
	title = {A road map for integrating eco-evolutionary processes into biodiversity models},
	urldate = {2013-05-21},
	volume = 16,
	year = 2013
}

@article{Gotelli2010Macroecological,
	author = {Gotelli, Nicholas J and Graves, Gary R and Rahbek, Carsten},
	booktitle = {Proceedings of the National Academy of Sciences of the United States of America},
	issn = {1091-6490},
	journal = {Proceedings of the National Academy of Sciences of the United States of America},
	keywords = {Animals,Birds,Birds: physiology,Breeding,Denmark,Ecosystem,Feeding Behavior,Geography,Species Specificity},
	month = 3,
	number = 11,
	pages = {5030-5035},
	title = {Macroecological signals of species interactions in the Danish avifaunA.},
	urldate = {2012-03-14},
	volume = 107,
	year = 2010
}

@article{Pellissier2013Combining,
	author = {Pellissier, Lo\"{i}c and Rohr, Rudolf P. and Ndiribe, Charlotte and Pradervand, Jean-Nicolas and Salamin, Nicolas and Guisan, Antoine and Wisz, Mary},
	booktitle = {Ecology and evolution},
	issn = {2045-7758},
	journal = {Ecology and evolution},
	keywords = {biotic interactions,ecological niche modeling,herbivore interactions,phylogeny,plant},
	month = 11,
	number = 13,
	pages = {4572-4583},
	title = {Combining food web and species distribution models for improved community projections.},
	urldate = {2014-03-26},
	volume = 3,
	year = 2013
}

@article{Davis1998Making,
	author = {Davis, A J and Jenkinson, L S and Lawton, J H and Shorrocks, B and Wood, S},
	booktitle = {Nature},
	issn = {0028-0836},
	journal = {Nature},
	keywords = {Animals,Drosophila,Drosophila melanogaster,Drosophila melanogaster: parasitology,Drosophila melanogaster: physiology,Drosophila: parasitology,Drosophila: physiology,Ecology,Female,Greenhouse Effect,Male,Population Dynamics,Temperature,Wasps,Wasps: physiology},
	month = 2,
	number = 6669,
	pages = {783-786},
	title = {Making mistakes when predicting shifts in species range in response to global warming.},
	volume = 391,
	year = 1998
}

@article{Stouffer2007Evidence,
	author = {Stouffer, Daniel B and Camacho, Juan and Jiang, Wenxin and Amaral, Lu\'{i}s A Nunes},
	booktitle = {Proceedings. Biological sciences / The Royal Society},
	issn = {0962-8452},
	journal = {Proceedings. Biological sciences / The Royal Society},
	keywords = {Animals,Biological,Ecosystem,Food Chain,Models,Predatory Behavior},
	month = 8,
	number = 1621,
	pages = {1931-1940},
	title = {Evidence for the existence of a robust pattern of prey selection in food webs.},
	volume = 274,
	year = 2007
}

@article{Stouffer2010Scaling,
	author = {Stouffer, Daniel B.},
	booktitle = {Functional Ecology},
	issn = 02698463,
	journal = {Functional Ecology},
	month = 2,
	number = 1,
	pages = {44-51},
	title = {Scaling from individuals to networks in food webs},
	urldate = {2014-10-23},
	volume = 24,
	year = 2010
}

